@misc{mollerdk,
  title={dk. brics. automaton--finite-state automata and regular expressions for Java, 2005},
  author={M{\o}ller, A.}
}
@article{council2008tpc,
  title={TPC-H benchmark specification},
  author={Council, T.P.P.},
  journal={Published at http://www. tcp. org/hspec. html},
  year={2008}
}
@misc{tpch,
  title={TPC Benchmarkâ„¢, http://www.tpc.org/tpch/},
  author={Transaction Performance Council}
}

@misc{hadoop,
  title={The Hadoop framework, http://hadoop.apache.org/}
}

@misc{scoobi,
  title={The Scoobi framework, https://github.com/nicta/scoobi}
}

@misc{crunch,
  title={The Crunch framework, https://github.com/cloudera/crunch}
}


@inproceedings{composition-ecoop2013,
        title={Composition and Reuse with Compiled Domain-Specific Languages},
        shorttitle={},
        booktitle={Proceedings of {ECOOP}},
        author={Sujeeth, Arvind and Rompf, Tiark and Brown, Kevin and Lee, HyoukJoong and Chafi, Hassan and Popic, Victoria and Wu, Michael
and Prokopec, Aleksander and Jovanovic, Vojin and Odersky, Martin and Olukotun, Kunle},
        year={2013}
}

@inproceedings{pact11,
  title={A heterogeneous parallel framework for domain-specific languages},
  author={Brown, K.J. and Sujeeth, A.K. and Lee, H.J. and Rompf, T. and Chafi, H. and Odersky, M. and Olukotun, K.},
  booktitle={Parallel Architectures and Compilation Techniques (PACT), 2011 International Conference on},
  pages={89--100},
  year={2011},
  organization={IEEE}
}

@article{forge,
  title={Forge},
  author={Sujeeth, A.K. and Lee, H.J. and Brown, K.J. and Odersky, M. and Olukotun, K.},
  journal={Arxiv preprint arXiv:1109.0778},
  year={2013}
}

@misc{whirr,
  title={Apache Whirr, http://whirr.apache.org/}
}

@misc{sprinter,
  title={Sprinter, http://vladimirnik.github.io/sprinter/}
}

@misc{kryo,
  title={Kryo: Fast, efficient Java serialization and cloning, http://code.google.com/p/kryo/}
}

@misc{awesome,
  title={Awesome Prelude, https://github.com/tomlokhorst/AwesomePrelude}
}

@InProceedings{scala_macros,
   abstract    = {Metaprogramming is a powerful technique of software
                 development, which allows to automate program generation.
                 Applications of metaprogramming range from improving
                 expressiveness of a programming language via deep
                 embedding of domain-specific languages to boosting
                 performance of produced code by providing programmer with
                 finegrained control over compilation. In this report we
                 introduce macros, facility that enables compile-time
                 metaprogramming in the Scala programming language.},
   affiliation = {EPFL},
   author      = {Burmako, Eugene and Odersky, Martin},
   booktitle   = {Third {I}nternational {V}alentin {T}urchin {W}orkshop on
                 {M}etacomputation},
   details     = {http://infoscience.epfl.ch/record/183862},
   documenturl = {http://infoscience.epfl.ch/record/183862/files/2012-07-09-MetaPaper.pdf},
   keywords    = {Compile-time Metaprogramming; Macros; Multi-stage
                 Programming; Language Virtualization},
   location    = {Pereslavl-Zalessky, Russia},
   oai-id      = {oai:infoscience.epfl.ch:183862},
   oai-set     = {conf},
   review      = {REVIEWED},
   status      = {PUBLISHED},
   submitter   = {214505},
   title       = {Scala {M}acros, a {T}echnical {R}eport},
   unit        = {LAMP},
   year        = 2012
}

@incollection{rytz2012lightweight,
  title={Lightweight polymorphic effects},
  author={Rytz, Lukas and Odersky, Martin and Haller, Philipp},
  booktitle={ECOOP 2012--Object-Oriented Programming},
  pages={258--282},
  year={2012},
  publisher={Springer}
}

@inproceedings{linq,
 author = {Meijer, Erik and Beckman, Brian and Bierman, Gavin},
 title = {LINQ: reconciling object, relations and XML in the .NET framework},
 booktitle = {Proceedings of the 2006 ACM SIGMOD international conference on Management of data},
 series = {SIGMOD '06},
 year = {2006},
 isbn = {1-59593-434-0},
 location = {Chicago, IL, USA},
 pages = {706--706},
 numpages = {1},
 acmid = {1142552},
 publisher = {ACM},
 address = {New York, NY, USA},
}

@misc{slick,
  title={Slick, http://slick.typesafe.com/}
}

@article{Hudak96csur,
  author    = {Paul Hudak},
  title     = {Building Domain-Specific Embedded Languages},
  journal   = {ACM Comput. Surv.},
  volume    = {28},
  number    = {4es},
  year      = {1996},
  pages     = {196},
  ee        = {http://doi.acm.org/10.1145/242224.242477},
  bibsource = {DBLP, http://dblp.uni-trier.de}
}

@inproceedings{Hudak98sr,
  author =       {Hudak, Paul},
  booktitle =    {Software Reuse, 1998. Proceedings. Fifth
                  International Conference on},
  title =        {Modular domain specific languages and tools},
  year =         {1998},
  pages =        {134-142},
  doi =          {10.1109/ICSR.1998.685738},
  ISSN =         {1085-9098},
}
